@inproceedings{yeh1991two,
  title={Two-level adaptive training branch prediction},
  author={Yeh, Tse-Yu and Patt, Yale N},
  booktitle={Proceedings of the 24th annual international symposium on Microarchitecture},
  pages={51--61},
  year={1991},
  organization={ACM}
}

@article{binkert2011gem5,
  title={The gem5 simulator},
  author={Binkert, Nathan and Beckmann, Bradford and Black, Gabriel and Reinhardt, Steven K and Saidi, Ali and Basu, Arkaprava and Hestness, Joel and Hower, Derek R and Krishna, Tushar and Sardashti, Somayeh and others},
  journal={ACM SIGARCH Computer Architecture News},
  volume={39},
  number={2},
  pages={1--7},
  year={2011},
  publisher={ACM}
}

@article{colin2000worst,
  title={Worst case execution time analysis for a processor with branch prediction},
  author={Colin, Antoine and Puaut, Isabelle},
  journal={Real-Time Systems},
  volume={18},
  number={2-3},
  pages={249--274},
  year={2000},
  publisher={Springer}
}

@techreport{mcfarling1993combining,
  title={Combining branch predictors},
  author={McFarling, Scott},
  year={1993},
  institution={Technical Report TN-36, Digital Western Research Laboratory}
}

@article{seznec2007256,
  title={A 256 kbits l-tage branch predictor},
  author={Seznec, Andr{\'e}},
  journal={Journal of Instruction-Level Parallelism (JILP) Special Issue: The Second Championship Branch Prediction Competition (CBP-2)},
  volume={9},
  pages={1--6},
  year={2007}
}

@book{hennessy2011computer,
  title={Computer architecture: a quantitative approach},
  author={Hennessy, John L and Patterson, David A},
  year={2011},
  publisher={Elsevier}
}

@inproceedings{lee1997bi,
  title={The bi-mode branch predictor},
  author={Lee, Chih-Chieh and Chen, I-Cheng K and Mudge, Trevor N},
  booktitle={Proceedings of the 30th annual ACM/IEEE international symposium on Microarchitecture},
  pages={4--13},
  year={1997},
  organization={IEEE Computer Society}
}